<?xml version="1.0" encoding="UTF-8"?><collection xmlns="http://www.loc.gov/MARC21/slim"><record><leader>00422nam--2200145-i-4500</leader><controlfield tag="001">000007347</controlfield><controlfield tag="002">20161230</controlfield><controlfield tag="005">20170304210531</controlfield><controlfield tag="008">060222s1000------------r-----000-0-eng-d</controlfield><datafield ind1=" " ind2=" " tag="100"><subfield code="a">De Bethune, A. J</subfield></datafield><datafield ind1=" " ind2=" " tag="245"><subfield code="a">Standard aqueous electrode potentials and temperature coefficients at 25 c</subfield></datafield><datafield ind1=" " ind2=" " tag="260"><subfield code="a">Skokie, Illinois</subfield><subfield code="b">Clifford A. Hampel</subfield></datafield><datafield ind1=" " ind2=" " tag="300"><subfield code="a">19 p</subfield></datafield><datafield ind1=" " ind2=" " tag="700"><subfield code="a">Swendeman Loud, N. A</subfield></datafield><datafield ind1=" " ind2=" " tag="CAT"><subfield code="a">SYS</subfield><subfield code="c">20170304</subfield><subfield code="h">210531</subfield></datafield></record></collection>